@inproceedings{ghostnet,
  title={GhostNet: More Features from Cheap Operations},
  author={Han, Kai and Wang, Yunhe and Tian, Qi and Guo, Jianyuan and Xu, Chunjing and Xu, Chang},
  booktitle={CVPR},
  year={2020}
}

@inproceedings{park2017scale,
  title={Scale-out acceleration for machine learning},
  author={Park, Jongse and Sharma, Hardik and Mahajan, Divya and Kim, Joon Kyung and Olds, Preston and Esmaeilzadeh, Hadi},
  booktitle={Proceedings of the 50th Annual IEEE/ACM International Symposium on Microarchitecture},
  pages={367--381},
  year={2017}
}

@article{parashar2017scnn,
  title={Scnn: An accelerator for compressed-sparse convolutional neural networks},
  author={Parashar, Angshuman and Rhu, Minsoo and Mukkara, Anurag and Puglielli, Antonio and Venkatesan, Rangharajan and Khailany, Brucek and Emer, Joel and Keckler, Stephen W and Dally, William J},
  journal={ACM SIGARCH Computer Architecture News},
  volume={45},
  number={2},
  pages={27--40},
  year={2017},
  publisher={ACM New York, NY, USA}
}

@book{abok,
  title={人工神经网络与模拟进化计算},
  author={阎平凡 and 张长水},
  year={2005},
  publisher={清华大学出版社有限公司}
}